@MANUAL{svgspec,
    title = "Scalable Vector Graphics (SVG) 1.1 Specification {[online]}",
    organization = "WWW Consorcium",
    url = "http://www.w3.org/TR/2003/REC-SVG11-20030114/",
    note = "[cit. 2011-07-07]",
    key = "svg"
}

@INBOOK{kobltypo,
	title = "Praktick{\' a} typografie",
	author = "Pavel Kočička and Filip Blažek",
	publisher = "Brno: Computer Press",
	year = "2004"
}

@BOOK{rybicka,
	title = "LaTeX pro za\v c\'ate\v cn\'\i{}ky",
	author = "Ji{\v r}{\' i} Rybi{\v c}ka",
	isbn = "80-7302-049-1",
	publisher = "Brno: Konvoj",
	edition = "3"
}

@MANUAL{iso690,
	organization = "\'U\v rad pro technickou normalizaci, metrologii a st\'atn\'\i{} zku\v sebnictv\'\i{}",
	title = "\v CSN ISO 690 Informace a dokumentace -- Pravidla pro bibliografick\'e odkazy a citace informa\v cn\'\i{}ch zdroj{\r u}",
	year = "2011"
}


@ARTICLE {sitova-karta-s-fpga-xilinx,
    title  = "Síťová karta s FPGA Xilinx pro 1 a 10GbE",
    journal = "V: Pandatron - elektrotechnický magazín {[online]}",
    howpublished = "[online]",
    month  = "červen",
    year   = "2013",
    note = "[cit. 2015-10-31]",
    url    = "http://pandatron.cz/?2939&sitova_karta_s_fpga_xilinx_pro_1_a_10gbe"
}

% ---------------------------------------------------------------------

% TODO aktualizovat zaznam
@misc{theBDM,
    keywords = {pouzita},
    author = {Wikipedia},
    title = "The Billion Dollar Mistake",
    url = {https://en.wikipedia.org/wiki/Tony_Hoare#Apologies_and_retractions},
    type = {web page},
    note = "[Cited 2020-5-8]"
}

@incollection{recurrence-rule,
  keywords = {pouzita},
  booktitle = {icalendar.org},
  title = {Recurrence Rule},
%   year = {©\,2011–2016},
  urldate = {2020-05-11},
  url = {https://icalendar.org/iCalendar-RFC-5545/3-3-10-recurrence-rule.html},
}
@misc{cloc-download,
 keywords = {pouzita},
 author = {Danial Al},
 title = {CLOC. Version 1.84},
 howpublished = {software},
 year = {2020},
 url = {https://github.com/AlDanial/cloc},
 urldate = {2020-05-17}
}
@article{spring-profile,
  keywords = {pouzita},
  journal = {Spring Boot Reference Documentation},
  title = {Profiles},
  urldate = {2020-05-17},
  url = {https://docs.spring.io/spring-boot/docs/current/reference/html/spring-boot-features.html#boot-features-profiles},
}
@misc{h2-db,
 keywords = {pouzita},
 author = {Thomas Mueller},
 title = {H2, the Java SQL database. Version 1.4.200},
 howpublished = {software},
 year = {2019-10-14},
 url = {https://www.h2database.com/html/download.html},
 urldate = {2020-05-17}
}
@article{spring-scheduling,
  keywords = {pouzita},
  journal = {Spring Boot Reference Documentation},
  title = {Task Execution and Scheduling},
  urldate = {2020-05-17},
  url = {https://docs.spring.io/spring-boot/docs/current/reference/html/spring-boot-features.html#boot-features-task-execution-scheduling},
}
@book{sbr:spring-task-scheduling,
  keywords = {pouzita, tistenaSkripta},
  author = {Marten Deinum},
  title = {Spring Boot 2 Recipes: A Problem-Solution Approach},
  subtitle = {Spring Task Scheduling},
  publisher = {Apress},
  address = {Nizozemsko},
  year = {2018},
  isbn = {978-1-4842-3963-6},
}
@book{pro-spring-boot-2,
  keywords = {doporucena, tistenaKniha},
  author = {Felipe Gutierrez},
  title = {Pro Spring Boot 2 An Authoritative Guide to Building Microservices, Web and Enterprise Applications, and Best Practices},
  publisher = {Apress},
  address = {USA},
  year = {2019},
  isbn = {978-1-4842-3676-5},
}
@article{cron-expression,
  keywords = {pouzita},
  journal = {Bealdung},
  title = {A Guide To Cron Expressions},
  urldate = {2020-05-17},
  url = {https://www.baeldung.com/cron-expressions},
}
@incollection{postgres-about,
  keywords = {pouzita},
  booktitle = {PostgresSQL.org},
  title = {About},
  date = {2020-05-20},
  urldate = {2019-03-28},
  url = {https://www.postgresql.org/about/},
}
@incollection{mysql-wiki,
  keywords = {pouzita},
  booktitle = {Wikipedia, The Free Encyclopedia.},
  title = {MySQL},
  date = {2020-05-16},
  urldate = {2020-05-17},
  url = {https://en.wikipedia.org/w/index.php?title=MySQL&oldid=956918749},
}
@article{mysql-postgres1,
  keywords = {pouzita},
  journal = {PostgreSQL Tutorial},
  title = {PostgreSQL vs. MySQL},
  urldate = {2020-05-17},
  url = {https://www.postgresqltutorial.com/postgresql-vs-mysql/},
}
@article{mysql-postgres2,
  keywords = {pouzita},
  journal = {2ndQuadrant},
  title = {PostgreSQL vs MySQL},
  urldate = {2020-05-17},
  url = {https://www.2ndquadrant.com/en/postgresql/postgresql-vs-mysql/},
}
@article{junit-tags,
  keywords = {pouzita},
  journal = {JUnit 5.0.1 API},
  title = {Annotation Type Tag},
  urldate = {2020-05-17},
  url = {https://junit.org/junit5/docs/5.0.1/api/org/junit/jupiter/api/Tag.html},
}
@article{mock-mvc,
  keywords = {pouzita},
  journal = {Bealdung},
  title = {Integration Testing in Spring},
  urldate = {2020-05-17},
  url = {https://www.baeldung.com/integration-testing-in-spring},
}